@Misc{wiki:telegraf2023,
  note  = {[dostęp: 2024-06-23 18:14Z]. Dostępny w Internecie: //pl.wikipedia.org/wiki/Telegraf?oldid=70115298},
  title = {{Telegraf} [online]. Wikipedia : wolna encyklopedia},
  year  = {2023-04-15 05:11Z},
}

@Misc{lora,
  title = {What is lora?},
  year  = {2024},
  url   = {https://www.semtech.com/lora/what-is-lora},
}

@Comment{jabref-meta: databaseType:bibtex;}
